@book {dailyNews, 
	AUTHOR = {NA}, 
	TITLE  = {Lost items cost Americans 5,591: survey},
	URL    = {http://www.nydailynews.com/news/national/lost-items-cost-americans-5-591-survey-article-1.2237244},
	YEAR = {2015},
	publisher= {NY Daily News}

     }


